@article{pdg,
    author = "J. Beringer et al. (Particle Data Group)",
    journal = "Phys. Rev. D",
    volume = "86",
    pages = "010001",
    year = "2012"
}
@unpublished{gains,
    author = "N. Baltzell",
    title = "{\it RTPC Gain Calibration for EG6}",
    note = "{CLAS-NOTE 2013-009}"
}
@unpublished{driftpaths,
    author = "M. Hattaway and R. Dupre",
    title = "{\it RTPC Drift Path Calibration for EG6}",
    note = ""
}
@unpublished{clasbeamoffset,
    author = "N. Baltzell and S. Stepanyan",
    title = "{\it Beam X-Y Position at the Target for EG6}",
    note = "{CLAS-NOTE 2013-007}"
}
@unpublished{eg1braster,
    author =  "P. Bosted and others",
    title = "{\it Raster Corrections for EG1b}",
    note = "{CLAS-NOTE 2003-08}"
}
